@book{oppenheim,
  author = {Alan V. Oppenheim and Ronald W. Schafer},
  title = {Discrete-Time Signal Processing},
  edition = {3},
  year = {2010},
  publisher = {Prentice Hall},
  address = {Upper Saddle River, NJ}
}

@misc{site-latex,
  author = {Overleaf},
  title = {Online LaTeX Editor},
  howpublished = {\url{https://www.overleaf.com}},
  note = {Acesso em: 26 maio 2025},
  year = {2025}
}
